@misc{wikiPELO,
    title = {\textit{Hair's breadth}. Wikipedia. \url{https://en.wikipedia.org/wiki/Hair%27s_breadth}},
    author = {Wikipedia contributors},
    year = { }
}

@misc{babinet,
    title = {\textit{Light Diffraction and Babinet Principle}. PhysicsOpenLab. \url{https://physicsopenlab.org/2021/01/21/light-diffraction-and-babinet-principle/}},
    author = {},
    year = { }
}

@book{trigonometria,
  title={Trigonometr{\'\i}a rectil{\'\i}nea},
  author={Anfossi, Agust{\'\i}n and Meyer, Marco A Flores},
  year={1989},
  publisher={Editorial Progreso}
}
@book{interferencia,
  title={\textit{Óptica Ondulatoria u Óptica Física}},
  author={José G. Aguirre},
  year={},
  publisher={Universidad de Concepción}
}

@misc{wikidifrac,
    title = {\textit{Diffraction}. Wikipedia. \url{https://en.wikipedia.org/wiki/Compact_disc}},
    author = {Wikipedia contributors},
    year = { }
}
@misc{colors,
    title = {\textit{The Visible Spectrum: Wavelengths and Colors}. \url{https://www.thoughtco.com/understand-the-visible-spectrum-608329}},
    author = {ThoughtCo},
    year = { }
}

@book{error,
  title={\textit{Measurement and Uncertainty Analysis Guide}},
  author={Department of Physics and Astronomy},
  year={},
  publisher={University of North Carolina}
}

@misc{wikiCD,
    title = {\textit{Compact Disc}. Wikipedia. \url{https://en.wikipedia.org/wiki/Compact_disc}},
    author = {Wikipedia contributors},
    year = { }
}
