@misc{discovery,
    title = {\textit{El número Pi, una cifra omnipresente en las matemáticas}. NATIONAL GEOGRAPHIC ESPAñA. \url{https://www.nationalgeographic.com.es/ciencia/el-numero-pi-una-cifra-para-casi-todo_10210}},
    author = {Noelia Freire},
    year = { }
}


@misc{wikipi,
    title = {\textit{Número $\pi$}. Wikipedia. \url{https://es.wikipedia.org/wiki/N%C3%BAmero_%CF%80}},
    author = {Colaboradores de Wikipedia },
    year = { }
}

@Book{integral,
title = {La historia como herramienta didáctica: El concepto de integral},
publisher = {Laura Fernández Fernández},
}
@book{error,
  title={\textit{Measurement and Uncertainty Analysis Guide}},
  author={Department of Physics and Astronomy},
  year={},
  publisher={University of North Carolina}
}

