@misc{wikicamp,
    title = {Campanil (Universidad de Concepci√≥n)},
    url = {https://es.wikipedia.org/wiki/Campanil_(Universidad_de_Concepci%C3%B3n)},
    author = {Wikipedia Contributors},
    year = { }
}



