@misc{wikicamp,
    title = {\textit{Campanil (Universidad de Concepción)}. Wikipedia. \url{https://es.wikipedia.org/wiki/Campanil_(Universidad_de_Concepci%C3%B3n)}},
    author = {Colaboradores de Wikipedia},
    year = { 2024}
}

@misc{campof,
    title = {\textit{Campanil}. \url{http://www2.udec.cl/plazaestudiante/breve_historia_Campanil.htm}},
    author = {Universidad de Concepción},
    year = {}
}

@book{trigonometria,
  title={Trigonometr{\'\i}a rectil{\'\i}nea},
  author={Anfossi, Agust{\'\i}n and Meyer, Marco A Flores},
  year={1989},
  publisher={Editorial Progreso}
}




