@misc{wikiDVD,
    title = {\textit{DVD}. Wikipedia. \url{https://es.wikipedia.org/wiki/DVD}},
    author = {Colaboradores de Wikipedia},
    year = { }
}

@misc{especificaciones_DVD,
    title = {\textit{Descripción de los CDs y DVDs grabables}. IASA. \url{https://www.iasa-web.org/tc04-es/814-descripci%C3%B3n-de-los-cds-y-dvds-grabables}},
    author = {International Association of Sound and Audiovisual Archives},
    year = { }
}

@book{trigonometria,
  title={Trigonometr{\'\i}a rectil{\'\i}nea},
  author={Anfossi, Agust{\'\i}n and Meyer, Marco A Flores},
  year={1989},
  publisher={Editorial Progreso}
}
@book{interferencia,
  title={\textit{Óptica Ondulatoria u Óptica Física}},
  author={José G. Aguirre},
  year={},
  publisher={Universidad de Concepción}
}

@misc{wikidifrac,
    title = {\textit{Diffraction}. Wikipedia. \url{https://en.wikipedia.org/wiki/Compact_disc}},
    author = {Wikipedia contributors},
    year = { }
}
@misc{colors,
    title = {\textit{The Visible Spectrum: Wavelengths and Colors}. \url{https://www.thoughtco.com/understand-the-visible-spectrum-608329}},
    author = {ThoughtCo},
    year = { }
}

@book{error,
  title={\textit{Measurement and Uncertainty Analysis Guide}},
  author={Department of Physics and Astronomy},
  year={},
  publisher={University of North Carolina}
}

@misc{wikiCD,
    title = {\textit{Compact Disc}. Wikipedia. \url{https://en.wikipedia.org/wiki/Compact_disc}},
    author = {Wikipedia contributors},
    year = { }
}
